@ARTICLE{CF.etal.2011,
   author = {{Cid Fernandes}, R. and {Stasi{\'n}ska}, G. and {Mateus}, A. and
	{Vale Asari}, N.},
    title = "{A comprehensive classification of galaxies in the Sloan Digital Sky Survey: how to tell true from fake AGN?}",
  journal = {\mnras},
archivePrefix = "arXiv",
   eprint = {1012.4426},
 keywords = {galaxies: active, galaxies: evolution, galaxies: statistics, galaxies: stellar content},
     year = 2011,
    month = may,
   volume = 413,
    pages = {1687-1699},
      doi = {10.1111/j.1365-2966.2011.18244.x},
   adsurl = {http://adsabs.harvard.edu/abs/2011MNRAS.413.1687C},
  adsnote = {Provided by the SAO/NASA Astrophysics Data System}
}

@ARTICLE{Salpeter.1955a,
	Adsnote = {Provided by the SAO/NASA Astrophysics Data System},
	Adsurl = {http://adsabs.harvard.edu/abs/1955ApJ...121..161S},
	Author = {{Salpeter}, E.~E.},
	Date-Added = {2014-09-29 14:17:03 +0000},
	Date-Modified = {2014-09-29 14:17:03 +0000},
	Doi = {10.1086/145971},
	Journal = {\apj},
	Mnrascitekey = Salpeter.1955,
	Month = jan,
	Pages = {161},
	Title = {{The Luminosity Function and Stellar Evolution.}},
	Volume = 121,
	Year = 1955,
}

@ARTICLE{BC03a,
	Adsnote = {Provided by the SAO/NASA Astrophysics Data System},
	Adsurl = {http://adsabs.harvard.edu/abs/2003MNRAS.344.1000B},
	Arxivurl = {http://arXiv.org/abs/astro-ph/0309134},
	Author = {{Bruzual}, G. and {Charlot}, S.},
	Date-Added = {2014-10-02 11:54:02 +0000},
	Date-Modified = {2014-11-25 15:24:09 +0000},
	Doi = {10.1046/j.1365-8711.2003.06897.x},
	Eprint = {astro-ph/0309134},
	Journal = {\mnras},
	Keywords = {stars: evolution, galaxies: evolution, galaxies: formation, galaxies: stellar content},
	Mnrascitekey = Bruzual.Charlot.2003,
	Month = oct,
	Pages = {1000-1028},
	Title = {{Stellar population synthesis at the resolution of 2003}},
	Volume = 344,
	Year = 2003
}

@ARTICLE{Chabrier.2003a,
	Adsnote = {Provided by the SAO/NASA Astrophysics Data System},
	Adsurl = {http://adsabs.harvard.edu/abs/2003PASP..115..763C},
	Arxivurl = {http://arXiv.org/abs/astro-ph/0304382},
	Author = {{Chabrier}, G.},
	Date-Added = {2014-10-01 18:05:16 +0000},
	Date-Modified = {2014-10-01 18:05:16 +0000},
	Doi = {10.1086/376392},
	Eprint = {astro-ph/0304382},
	Journal = {\pasp},
	Keywords = {Galaxies: Luminosity Function, Mass Function, Invited Reviews},
	Mnrascitekey = Chabrier.2003,
	Month = jul,
	Pages = {763-795},
	Title = {{Galactic Stellar and Substellar Initial Mass Function}},
	Volume = 115,
	Year = 2003
}

@BOOK{Osterbrock.Ferland.2006a,
	Abstract = {Not Available},
	Adsnote = {Provided by the SAO/NASA Astrophysics Data System},
	Adsurl = {http://esoads.eso.org/abs/2006agna.book.....O},
	Author = {{Osterbrock}, D.~E. and {Ferland}, G.~J.},
	Booktitle = {Astrophysics of gaseous nebulae and active galactic nuclei, 2nd.~ed.~by D.E.~Osterbrock and G.J.~Ferland.~Sausalito, CA: University Science Books, 2006},
	Date-Added = {2015-12-27 20:43:52 +0000},
	Date-Modified = {2015-12-27 20:43:52 +0000},
	Keywords = {GASEOUS NEBULAE, PHOTOIONIZATION, THERMAL EQUILIBRIUM, EMISSION SPECTRA, INTERSTELLAR DUST, H II REGIONS, PLANETARY NEBULAE, SUPERNOVA REMNANTS, ACTIVE GALACTIC NUCLEI},
	Mnrascitekey = Osterbrock.Ferland.2006,
	Title = {{Astrophysics of gaseous nebulae and active galactic nuclei}},
	Year = 2006
}

@article{Kennicutt.1998a,
	Adsnote = {Provided by the SAO/NASA Astrophysics Data System},
	Adsurl = {http://adsabs.harvard.edu/abs/1998ARA%26A..36..189K},
	Arxivurl = {http://arXiv.org/abs/astro-ph/9807187},
	Author = {{Kennicutt}, Jr., R.~C.},
	Date-Added = {2014-07-10 14:37:06 +0000},
	Date-Modified = {2014-07-10 14:37:06 +0000},
	Doi = {10.1146/annurev.astro.36.1.189},
	Eprint = {astro-ph/9807187},
	Journal = {\araa},
	Mnrascitekey = Kennicutt.1998,
	Pages = {189-232},
	Title = {{Star Formation in Galaxies Along the Hubble Sequence}},
	Volume = 36,
	Year = 1998
}

@ARTICLE{Bertelli.etal.1994,
   author = {{Bertelli}, G. and {Bressan}, A. and {Chiosi}, C. and {Fagotto}, F. and 
	{Nasi}, E.},
    title = "{Theoretical isochrones from models with new radiative opacities}",
  journal = {\aaps},
 keywords = {STARS: EVOLUTION, INTERIORS, FUNDAMENTAL PARAMETERS, HR DIAGRAM},
     year = 1994,
    month = aug,
   volume = 106,
    pages = {275-302},
   adsurl = {https://ui.adsabs.harvard.edu/abs/1994A%26AS..106..275B},
  adsnote = {Provided by the SAO/NASA Astrophysics Data System}
}

@article{Girardi.etal.2000a,
    Adsnote = {Provided by the SAO/NASA Astrophysics Data System},
	Adsurl = {http://adsabs.harvard.edu/abs/2000A%26AS..141..371G},
	Arxivurl = {http://arXiv.org/abs/astro-ph/9910164},
	Author = {{Girardi}, L. and {Bressan}, A. and {Bertelli}, G. and {Chiosi}, C.},
	Date-Added = {2014-09-29 14:28:18 +0000},
	Date-Modified = {2014-09-29 14:28:18 +0000},
	Doi = {10.1051/aas:2000126},
	Eprint = {astro-ph/9910164},
	Journal = {\aaps},
	Keywords = {STARS: EVOLUTION, STARS: INTERIORS, STARS: HERTZSPRUNG-RUSSELL (HR) DIAGRAM, STARS: LOW-MASS},
	Mnrascitekey = Girardi.etal.2000,
	Month = feb,
	Pages = {371-383},
	Title = {{Evolutionary tracks and isochrones for low- and intermediate-mass stars: From 0.15 to 7 M$_{sun}$, and from Z=0.0004 to 0.03}},
	Volume = 141,
	Year = 2000
}